@misc{TechTarget, title={What is widget? - Definition from WhatIs.com}, url={https://whatis.techtarget.com/definition/widget}, journal={WhatIs.com}, publisher={TechTarget}, author={TechTarget}, year={2015}, month={Dec}}

@misc{dictionary.com, title={Definition of Dashboard}, url={https://www.dictionary.com/browse/dashboard}, journal={Dictionary.com}, publisher={Dictionary.com}}

@misc{Mulesoft, title={What is an API? (Application Programming Interface)}, url={https://www.mulesoft.com/resources/api/what-is-an-api}, journal={MuleSoft}}

@misc{Viewing, title={UNITED STATES DEPARTMENT OF LABOR}, url={https://www.osha.gov/SLTC/etools/computerworkstations/components_monitors.html}}
